<?xml version="1.0" encoding="UTF-8"?><collection xmlns="http://www.loc.gov/MARC21/slim"><record><leader>00484nam--2200145-i-4500</leader><controlfield tag="001">000043427</controlfield><controlfield tag="002">20161230</controlfield><controlfield tag="005">20161230201044</controlfield><controlfield tag="008">060222s1000------------r-----000-0-eng-d</controlfield><datafield ind1=" " ind2=" " tag="080"><subfield code="a">621.384.52:621.319.4</subfield></datafield><datafield ind1=" " ind2=" " tag="100"><subfield code="a">Szczepanski,Z</subfield></datafield><datafield ind1=" " ind2=" " tag="245"><subfield code="a">Le mecanisme de decharges partielles dans les condensateurs de choc</subfield></datafield><datafield ind1=" " ind2=" " tag="260"><subfield code="a">Bucuresti, Cons.Nat.Al Ing.Si Tehn.,1969. 16 P</subfield></datafield><datafield ind1=" " ind2=" " tag="490"><subfield code="a">A Doua Conf.A Electricienilor. Vii. Sectia Teorie, Materiale Si Masurari Electrice</subfield></datafield><datafield ind1=" " ind2=" " tag="852"><subfield code="a">31687</subfield></datafield></record></collection>